@article{misra2000college,
  title={College students' academic stress and its relation to their anxiety, time management, and leisure satisfaction},
  author={Misra, Ranjita and McKean, Michelle},
  journal={American journal of Health studies},
  volume={16},
  number={1},
  pages={41},
  year={2000},
  publisher={Expert Health Data System, Inc.}
}
@article{zimmerman2002becoming,
  title={Becoming a self-regulated learner: An overview},
  author={Zimmerman, Barry J},
  journal={Theory into practice},
  volume={41},
  number={2},
  pages={64--70},
  year={2002},
  publisher={Taylor \& Francis}
}
@article{nurzi2022web,
  title={Web-Based Student Task Management System},
  author={Nurzi, Farhan Ahmad and Ab Wahab, Kasmawahida},
  journal={Engineering, Agriculture, Science and Technology Journal (EAST-J)},
  volume={1},
  number={1},
  pages={50--56},
  year={2022}
}
@article{kirschner2013learners,
  title={Do learners really know best? Urban legends in education},
  author={Kirschner, Paul A and Van Merri{\"e}nboer, Jeroen JG},
  journal={Educational psychologist},
  volume={48},
  number={3},
  pages={169--183},
  year={2013},
  publisher={Taylor \& Francis}
}
@article{shchetynina2022trello,
  title={Trello as a tool for the development of lifelong learning skills of senior students},
  author={Shchetynina, Olha and Kravchenko, Nataliia and Horbatiuk, Larysa and Alieksieieva, Hanna and Mezhuyev, Vitaliy},
  journal={Postmodern Openings},
  volume={13},
  number={2},
  pages={143--167},
  year={2022}
}
@article{bourbon2021time,
  title={What is a Time Management App? How Does It Work?},
  author={Bourbon, Monica},
  year={2021},
  publisher={IIENSTITU}
}
@article{reach2022notion,
  title={Notion: An All-in-One Solution?},
  author={Reach, Catherine Sanders},
  journal={Law Prac.},
  volume={48},
  pages={22},
  year={2022},
  publisher={HeinOnline}
}
@book{upton2016raspberry,
title={Raspberry Pi user guide},
author={Upton, Eben and Halfacree, Gareth},
year={2016},
publisher={John Wiley \& Sons}
}
@article{johnson2009educational,
  title={An educational psychology success story: Social interdependence theory and cooperative learning},
  author={Johnson, David W and Johnson, Roger T},
  journal={Educational researcher},
  volume={38},
  number={5},
  pages={365--379},
  year={2009},
  publisher={Sage Publications}
}
@article{laal2012benefits,
  title={Benefits of collaborative learning},
  author={Laal, Marjan and Ghodsi, Seyed Mohammad},
  journal={Procedia-social and behavioral sciences},
  volume={31},
  pages={486--490},
  year={2012},
  publisher={Elsevier}
}
@article{dunlosky2013improving,
  title={Improving studentsâ€™ learning with effective learning techniques: Promising directions from cognitive and educational psychology},
  author={Dunlosky, John and Rawson, Katherine A and Marsh, Elizabeth J and Nathan, Mitchell J and Willingham, Daniel T},
  journal={Psychological Science in the Public interest},
  volume={14},
  number={1},
  pages={4--58},
  year={2013},
  publisher={Sage publications Sage CA: Los Angeles, CA}
}
@inproceedings{sohan2017study,
  title={A study of the effectiveness of usage examples in REST API documentation},
  author={Sohan, SM and Maurer, Frank and Anslow, Craig and Robillard, Martin P},
  booktitle={2017 IEEE symposium on visual languages and human-centric computing (VL/HCC)},
  pages={53--61},
  year={2017},
  organization={IEEE}
}
@book{seale2013learning,
  title={E-learning and disability in higher education: Accessibility research and practice},
  author={Seale, Jane},
  year={2013},
  publisher={Routledge}
}. 
@article{al2016universal,
  title={Universal Design for Learning (UDL): A content analysis of peer reviewed journals from 2012 to 2015},
  author={Al-Azawei, Ahmed and Serenelli, Fabio and Lundqvist, Karsten},
  journal={Journal of the Scholarship of Teaching and Learning},
  volume={16},
  number={3},
  pages={39--56},
  year={2016}
}
@article{spina2019wcag,
  title={WCAG 2.1 and the current state of web accessibility in libraries},
  author={Spina, Carli},
  journal={Weave: Journal of Library User Experience},
  volume={2},
  number={2},
  year={2019},
  publisher={Michigan Publishing, University of Michigan Library}
}
@incollection{world2011world,
  title={World report on disability},
  author={World Health Organization and others},
  booktitle={World report on disability},
  pages={24--24},
  year={2011}
}
@book{selwyn2021education,
  title={Education and technology: Key issues and debates},
  author={Selwyn, Neil},
  year={2021},
  publisher={Bloomsbury Publishing}
}
@book{rose2002teaching,
  title={Teaching every student in the digital age: Universal design for learning.},
  author={Rose, David H and Meyer, Anne},
  year={2002},
  publisher={ERIC}
}
@book{lazar2017research,
  title={Research methods in human-computer interaction},
  author={Lazar, Jonathan and Feng, Jinjuan Heidi and Hochheiser, Harry},
  year={2017},
  publisher={Morgan Kaufmann}
}
@book{shneiderman2010designing,
  title={Designing the user interface: strategies for effective human-computer interaction},
  author={Shneiderman, Ben},
  year={2010},
  publisher={Pearson Education India}
}
@article{junco2012relationship,
  title={The relationship between frequency of Facebook use, participation in Facebook activities, and student engagement},
  author={Junco, Reynol},
  journal={Computers \& education},
  volume={58},
  number={1},
  pages={162--171},
  year={2012},
  publisher={Elsevier}
}
@book{richardson2014getting,
  title={Getting Started with Raspberry Pi: Electronic Projects with Python, Scratch, and Linux},
  author={Richardson, Matt and Wallace, Shawn},
  year={2014},
  publisher={Maker Media, Inc.}
}
@book{grinberg2018flask,
  title={Flask web development},
  author={Grinberg, Miguel},
  year={2018},
  publisher={" O'Reilly Media, Inc."}
}


